@inproceedings{EARS09,
  author    = {Alistair Mavin and
               Philip Wilkinson and
               Mark Novak},
  title     = {{Easy Approach to Requirements Syntax} {(EARS)}},
  booktitle = {{RE}},
    	pages={317--322},
  year      = {2009},
	publisher={IEEE}
}

@inproceedings{EARS16,
author = {Mavin, Alistair and Wilkinson, Philip and  Gregory, Sarah and Uusitalo, Eero},
title = {{Listens Learned (8 Lessons Learned Applying EARS)}},
booktitle = {{RE}},
year={2016}, 
pages={276-282},
	publisher={IEEE}
}

@inproceedings{LucioRCM17,
  author    = {Levi L{\'{u}}cio and
               Salman Rahman and
               Chih{-}Hong Cheng and
               Alistair Mavin},
  title     = {Just Formal Enough? Automated Analysis of {EARS} Requirements},
  booktitle = {{NASA} Formal Methods - 9th International Symposium, {NFM} 2017, Moffett
               Field, CA, USA, May 16-18, 2017, Proceedings},
  pages     = {427--434},
  year      = {2017},
}

@Misc{mathlabcontrol,
  title        = {mathlabcontrol Java API to Simulink},
  howpublished = {\url{https://code.google.com/archive/p/matlabcontrol/}}
}

@Misc{simulink,
  title        = {Mathlab Simulink},
  howpublished = {\url{https://de.mathworks.com/products/simulink.html/}}
}

@inproceedings{EARS10,
  author    = {Alistair Mavin and
               Philip Wilkinson},
  title     = {{Big Ears (The Return of "Easy Approach to Requirements Engineering")}},
  booktitle = {{RE}},
  	pages={277--282},
  year      = {2010},
  	publisher={IEEE}
}

@inproceedings{EARS16,
author = {Mavin, Alistair and Wilkinson, Philip and  Gregory, Sarah and Uusitalo, Eero},
title = {{Listens Learned (8 Lessons Learned Applying EARS)}},
booktitle = {{RE}},
year={2016}, 
pages={276-282},
	publisher={IEEE}
}

@inproceedings{autoCode17,
 author = {Cheng, Chih-Hong and Lee, Edward and Ruess, Harald},
  title     = {\textsf{autoCode4}: {Structural Reactive Synthesis}. {In TACAS'17. Tool available at:} \texttt{http://autocode4.sourceforge.net} }
}